
@misc{lof84,
   title = {Intuitionistic Type Theory}
 , author = {P. Martin-L\"{o}f}
 , year = {1984}
 , publisher = {Bibliopolis-Napoli}
}

@phdthesis{norell07,
  author  = {Ulf Norell},
  title	  = {Towards a practical programming language based on dependent type
	     theory},
  school  = {Department of Computer Science and Engineering, Chalmers University of Technology},
  year	  = 2007,
  month	  = {September},
  address = {SE-412 96 G\"{o}teborg, Sweden}
}

@book{nords90
  , title={Programmin in Martin-L\"{o}f's Type Theory}
  , booktitle={An Introduction}
  , author={Bengt Nordstr\"{o}m and Kent Petersson and Jan Smith}
  , year = {1990}
  , publisher = {Oxford University Press}
} 

@inproceedings{norell2009,
 author = {Norell, Ulf},
 title = {Dependently Typed Programming in Agda},
 booktitle = {Proceedings of the 4th International Workshop on Types in Language Design and Implementation},
 series = {TLDI '09},
 year = {2009},
 pages = {1--2},
 publisher = {ACM},
 address = {New York, NY, USA}
} 

@conference{bove2009,
  author={Bove, Ana and Dybjer, Peter},
  title={Dependent Types at Work},
  booktitle={Language Engineering andLecture Notes in Computer Science. International Summer School on Language Engineering and Rigorous Software Development. Piriapolis, URUGUAY. FEB 25-MAR 01, 2008 },
  pages={57-99},
  year={2009}
}

@book{bertot06
  , title = {Interactive Theorem Proving and Program Development}
  , booktitle = {Coq’Art: The Calculus of Inductive Constructions}
  , publisher = {Springer Berlin Heidelberg}
  , author = {Bertot, Yves and Caterán, Pierre}
  , year = {2006},
  }
  
@incollection{mcbride05,
  year={2005},
  booktitle={Advanced Functional Programming},
  volume={3622},
  series={Lecture Notes in Computer Science},
  editor={Vene, Varmo and Uustalu, Tarmo},
  title={Epigram: Practical Programming with Dependent Types},
  publisher={Springer Berlin Heidelberg},
  author={McBride, Conor},
  pages={130-170},
}

@article{wouter08,
    author = {Sweirstra, Wouter and Oury, Nicolas},
    journal = {ICFP08},
    year = {2008},
    title = {{The Power of Pi}},
}

@book {			Barendregt01,
	author=		{H. Barendregt},
	title=		{The lambda calculus: its syntax and semantics},
	publisher=	{North Holland},
	edition=	{2nd. Revised},
	year=		1984,
}

@article {		Church01,
	author=		{A. Church},
	title=		{An unsolvable problem of elementary number theory},
	journal=	{American Journal of Mathematics},
	volume=		58,
	number=		2,
	year=		1936,
}

@article {		Church02,
	author=		{A. Church},
	title=		{A note on the Entscheidungsproblem},
	journal=	{Journal of Symbolic Logic},
	volume=		1,
	year=		1936,
}

@article {		Church03,
	author=		{A. Church},
	title=		{A Formulation of the Simple Theory of Types},
	journal=	{Journal of Symbolic Logic},
	volume=		5,
	number=		2,
	year=		1940
}

@book{Curry01,
  author = {Curry, H. B.},
  title  = {Combinatory Logic},
  booktitle = {vol I},
  year   = {1958},
  publisher = {North-Holland, Amsterdam}
}

@misc{Howard01,
  author = {Howard, W. A.},
  title  = {The formulae-as-types notion of construction},
  year   = {1969},
  note   = {manuscript}
}


@book{	Hindley01,
  title={Introduction to combinators and [lambda]-calculus},
  author={J. Hindley and P. Seldin},
  series={London Mathematical Society student texts},
  year={1986},
  publisher={Cambridge University Press}
}

@book{	Schwichtenberg01,
	title=	{Basic Proof Theory},
	author=	{A. Troelstra and H. Schichtenberg},
	edition={2nd edition},
	year=	2000,
	publisher= {Cambridge University Press},
	series=	{Cambridge Tracts in Theoretical Computer Science}
}

@book { Prawitz01,
	title= {Natural Deduction: A Proof-Theoretical Study},
	author= {D. Prawitz},
	year= 2006,
	publisher= {Dover}
}	

@book{			Barendregt03,
	title= 		{Handbook of Logic in Computer Science: Lambda Calculi with Types},
	author=		{H. Barendregt},
	volume=		2,
	year = 		1993,
	publisher = {Oxford University Press},
}

@book{Bird97,
  title={Algebra of Programming},
  author={Bird, R. and de Moor, O.},
  isbn={9780135072455},
  lccn={96027688},
  series={Prentice-Hall international series in computer science},
  url={http://books.google.nl/books?id=P5NQAAAAMAAJ},
  year={1997},
  publisher={Prentice Hall}
}

@article{Jansson09,
  title={Algebra of Programming in Agda},
  year={2009},
  journal={Journal of Functional Programming},
  author={S-C. Mu and H-S. Ko and P. Jansson}
}

@misc{AgdaTutorials,
  title={Agda Wiki: Tutorials},
  year={2014},
  month={Sep}
}


